@Book{Gularte,
  Author         = {Daniel Gularte},
  Title          = {Jogos Eletronicos: 50 anos de Interacao e Diversao},
  Publisher      = {Novas Id√©ias},
  Address        = {Rio de Janeiro},
  Edition        = {1},
  year           = {2010}
}
